@misc{Somspol2017,
  author       = {Somatopedická společnost, z.s.},
  title        = {Projekty – spomspol.cz},
  url          = {https://www.somspol.cz/projekty/},
  howpublished = {online},
  note         = {[cit. 2025-04-19]},
  year         = {2017}
}

@misc{ScioSkolaKolin,
  author       = {},
  title        = {{S}cioŠkola {K}olín – základní škola – kolin.scioskola.cz},
  howpublished = {online},
  url          = {https://kolin.scioskola.cz/},
  note         = {[cit. 2025-04-19]}
}

@article{politickykompaspng,
  author       = {Trevor Levin},
  journal      = {The Short Loop},
  title        = {Political Compass 2020: Way-Too-Early Edition},
  howpublished = {online},
  year         = {2019},
  month        = {12},
  day          = {29},
  url          = {https://theshortloop.com/2018/12/29/political-compass-2020-way-too-early-edition/},
  note         = {[cit. 2025-04-19]}
}

@misc{politicalcompass,
  author       = {{Pace News Ltd}},
  title        = {{T}he {P}olitical {C}ompass – politicalcompass.org},
  howpublished = {online},
  url          = {https://www.politicalcompass.org/},
  note         = {[cit. 2025-04-19]}
}

@misc{restfulapiWhatREST,
  author       = {Lokesh Gupta},
  title        = {{W}hat is {R}{E}{S}{T}?: {R}{E}{S}{T} {A}{P}{I} {T}utorial – restfulapi.net},
  howpublished = {online},
  url          = {https://restfulapi.net/},
  note         = {[cit. 2025-04-19]}
}

@misc{spring,
  author       = {{VMware Tanzu}},
  title        = {spring.io},
  howpublished = {online},
  url          = {https://spring.io/},
  note         = {[cit. 2025-04-19]}
}

@misc{vue,
  author       = {Evan You},
  title        = {{V}ue.js – vuejs.org},
  howpublished = {online},
  url          = {https://vuejs.org/},
  note         = {[cit. 2025-04-19]}
}

@misc{postgresql,
  author       = {{PostgreSQL Global Development Group}},
  title        = {{P}ostgre{S}{Q}{L} – postgresql.org},
  howpublished = {online},
  url          = {https://www.postgresql.org/},
  note         = {[cit. 2025-04-19]}
}

@misc{googleforms,
  author       = {Google},
  title        = {{G}oogle {F}orms},
  howpublished = {online},
  url          = {https://docs.google.com/forms},
  note         = {[cit. 2025-04-19]}
}

@misc{LimeSurvey:online,
  author       = {},
  title        = {LimeSurvey — Free Online Survey Tool},
  url          = {https://www.limesurvey.org/},
  howpublished = {online},
  note         = {[cit. 2025-05-12]}
}

@misc{Microsof74:online,
  author       = {{Jotform Editorial Team}},
  title        = {Microsoft Forms vs Google Forms: Which one is better? | The Jotform Blog},
  url          = {https://www.jotform.com/blog/microsoft-forms-vs-google-forms/},
  howpublished = {online},
  month        = {2},
  year         = {2022},
  note         = {[cit. 2025-05-12]}
}

@misc{Jotformv14:online,
  author       = {Drazen Vujovic},
  title        = {Jotform vs Microsoft Forms: A detailed comparison},
  url          = {https://contentsnare.com/jotform-vs-microsoft-forms/},
  howpublished = {online},
  month        = {4},
  year         = {2024},
  note         = {[cit. 2025-05-12]}
}

@misc{pinia,
  author       = {Eduardo San Martin Morote},
  title        = {{P}inia | {T}he intuitive store for {V}ue.js – pinia.vuejs.org},
  howpublished = {online},
  url          = {https://pinia.vuejs.org/},
  year         = {},
  note         = {[cit. 2025-04-19]}
}

@article{freecodecamp,
  author       = {Ihechikara Abba},
  journal      = {FreeCodeCamp},
  title        = {{W}hat is an {O}{R}{M} – {T}he {M}eaning of {O}bject {R}elational {M}apping {D}atabase {T}ools – freecodecamp.org},
  howpublished = {online},
  year         = {2022},
  url          = {https://www.freecodecamp.org/news/what-is-an-orm-the-meaning-of-object-relational-mapping-database-tools/},
  note         = {[cit. 2025-04-21]}
}

@misc{hibernate,
  author       = {},
  title        = {{Y}our relational data. {O}bjectively. - {H}ibernate {O}{R}{M} – hibernate.org},
  howpublished = {online},
  url          = {https://hibernate.org/orm/},
  year         = {},
  note         = {[cit. 2025-04-21]}
}

@misc{OpenAPI,
  author       = {},
  title        = {OpenAPI Specification - Version 3.1.0 | Swagger},
  howpublished = {online},
  url          = {https://swagger.io/specification/},
  month        = {},
  year         = {},
  note         = {[cit. 2025-05-08]}
}

@techreport{oauth,
  title        = {The OAuth 2.0 authorization framework},
  author       = {Hardt, Dick},
  howpublished = {online},
  url          = {https://www.rfc-editor.org/rfc/rfc6749.txt},
  issn         = {2070-1721},
  year         = {2012},
  note         = {[cit. 2025-05-08]}
}

@misc{oauthimage,
  author       = {Mitchell Anicas},
  title        = {An Introduction to OAuth 2 | DigitalOcean},
  howpublished = {online},
  url          = {https://www.digitalocean.com/community/tutorials/an-introduction-to-oauth-2},
  month        = {7},
  year         = {2014},
  note         = {[cit. 2025-05-08]}
}

@article{keycloakreview,
  title     = {A review on identity and access management server (keycloak)},
  author    = {Divyabharathi, DN and Cholli, Nagaraj G},
  journal   = {International Journal of Security and Privacy in Pervasive Computing (IJSPPC)},
  volume    = {12},
  number    = {3},
  pages     = {46--53},
  year      = {2020},
  publisher = {IGI Global}
}

@misc{keycloakdocs,
  author       = {{Keycloak Team}},
  title        = {Keycloak},
  howpublished = {online},
  url          = {https://www.keycloak.org/},
  month        = {},
  year         = {},
  note         = {[cit. 2025-05-08]}
}

@book{jandourek2012slovnik,
  title     = {Slovník sociologických pojmů},
  author    = {Jandourek, Jan},
  year      = {2012},
  publisher = {Grada Publishing as}
}

@book{lau2017methods,
  title     = {Handbook of eHealth Evaluation: An Evidence-Based Approach},
  author    = {Lau, Francis},
  year      = {2017},
  publisher = {University of Victoria}
}

@misc{bootstrap,
  author       = {Mark Otto, Jacob Thornton, and Bootstrap contributors},
  title        = {Bootstrap · The most popular HTML, CSS, and JS library in the world.},
  url          = {https://getbootstrap.com/},
  howpublished = {online},
  month        = {},
  year         = {},
  note         = {[cit. 2025-05-15]}
}

@misc{chartjs,
  author = {},
  title  = {Chart.js | Open source HTML5 Charts for your website},
  url    = {https://www.chartjs.org/},
  month  = {},
  year   = {},
  note   = {[cit. 2025-05-15]}
}